<record><leader>00000cas a2200000 a 4500</leader><controlfield tag="001">23728769</controlfield><controlfield tag="008">910510d19001908nyudn ne      0    0eng c</controlfield><datafield ind1=" " ind2=" " tag="010"><subfield code="a">sn 91066502 </subfield></datafield><datafield ind1=" " ind2=" " tag="040"><subfield code="a">NYG</subfield><subfield code="b">eng</subfield><subfield code="c">NYG</subfield><subfield code="d">NYS</subfield><subfield code="d">OCLCQ</subfield><subfield code="d">NYS</subfield><subfield code="d">OCLCQ</subfield><subfield code="d">OCLCO</subfield></datafield><datafield ind1=" " ind2=" " tag="042"><subfield code="a">pcc</subfield></datafield><datafield ind1=" " ind2=" " tag="043"><subfield code="a">n-us-ny</subfield></datafield><datafield ind1="0" ind2=" " tag="130"><subfield code="a">Long Island farmer (Jamaica, New York, N.Y. : 1900)</subfield></datafield><datafield ind1="1" ind2="4" tag="245"><subfield code="a">The Long Island farmer.</subfield></datafield><datafield ind1=" " ind2=" " tag="260"><subfield code="a">Jamaica, N.Y. :</subfield><subfield code="b">[s.n.],</subfield><subfield code="c">1900-1908.</subfield></datafield><datafield ind1=" " ind2=" " tag="300"><subfield code="a">v.</subfield></datafield><datafield ind1=" " ind2=" " tag="310"><subfield code="a">Daily (except Sunday)</subfield></datafield><datafield ind1="0" ind2=" " tag="362"><subfield code="a">Vol. 81, no. 52 (Apr. 2, 1900) -v. 87, no. 266 (May 23, 1908).</subfield></datafield><datafield ind1=" " ind2=" " tag="580"><subfield code="a">Weekly ed.: Long Island farmer (Jamaica, N.Y. : 1879).</subfield></datafield><datafield ind1=" " ind2=" " tag="580"><subfield code="a">Semiweekly ed: Long Island farmer (Jamaica, N.Y. : Semiweekly).</subfield></datafield><datafield ind1=" " ind2="0" tag="651"><subfield code="a">Jamaica (New York, N.Y.)</subfield><subfield code="v">Newspapers.</subfield></datafield><datafield ind1=" " ind2="0" tag="651"><subfield code="a">Queens (N.Y.)</subfield><subfield code="v">Newspapers.</subfield></datafield><datafield ind1=" " ind2="0" tag="651"><subfield code="a">Queens County (N.Y.)</subfield><subfield code="v">Newspapers.</subfield></datafield><datafield ind1=" " ind2="0" tag="651"><subfield code="a">New York (N.Y.)</subfield><subfield code="v">Newspapers.</subfield></datafield><datafield ind1=" " ind2=" " tag="752"><subfield code="a">United States</subfield><subfield code="b">New York</subfield><subfield code="c">Queens</subfield><subfield code="d">Jamaica.</subfield></datafield><datafield ind1=" " ind2=" " tag="752"><subfield code="a">United States</subfield><subfield code="b">New York</subfield><subfield code="d">New York.</subfield></datafield><datafield ind1="1" ind2=" " tag="775"><subfield code="t">Long Island farmer (Jamaica, N.Y. : 1879)</subfield><subfield code="w">(DLC)sn 87070021</subfield><subfield code="w">(OCoLC)15715990</subfield></datafield><datafield ind1="1" ind2=" " tag="775"><subfield code="t">Long Island farmer (Jamaica, N.Y. : Semiweekly)</subfield><subfield code="w">(DLC)sn2004060347</subfield><subfield code="w">(OCoLC)54693487</subfield></datafield><datafield ind1="0" ind2="0" tag="785"><subfield code="t">Daily Long Island farmer</subfield><subfield code="w">(DLC)sn 89071368</subfield><subfield code="w">(OCoLC)20052529</subfield></datafield></record>